<record><leader>00000cas a22000007a 4500</leader><controlfield tag="001">31271789</controlfield><controlfield tag="008">941012d1883188uctumr ne      0    0eng d</controlfield><datafield ind1=" " ind2=" " tag="010"><subfield code="a">sn 94053323 </subfield></datafield><datafield ind1=" " ind2=" " tag="040"><subfield code="a">CNW</subfield><subfield code="b">eng</subfield><subfield code="c">CNW</subfield><subfield code="d">OCLCQ</subfield></datafield><datafield ind1=" " ind2=" " tag="042"><subfield code="a">msc</subfield></datafield><datafield ind1="0" ind2=" " tag="130"><subfield code="a">Vagabond (Waterbury, Conn.)</subfield></datafield><datafield ind1="1" ind2="4" tag="245"><subfield code="a">The vagabond.</subfield></datafield><datafield ind1=" " ind2=" " tag="260"><subfield code="a">Waterbury, Conn. :</subfield><subfield code="b">William Carter, ed.</subfield></datafield><datafield ind1=" " ind2=" " tag="300"><subfield code="a">v.</subfield></datafield><datafield ind1=" " ind2=" " tag="310"><subfield code="a">Monthly</subfield></datafield><datafield ind1="0" ind2=" " tag="362"><subfield code="a">Vol. 1, no. 1 (May 1883)-</subfield></datafield><datafield ind1=" " ind2=" " tag="500"><subfield code="a">Amateur newspaper.</subfield></datafield><datafield ind1=" " ind2=" " tag="752"><subfield code="a">United States</subfield><subfield code="b">Connecticut</subfield><subfield code="c">New Haven</subfield><subfield code="d">Waterbury.</subfield></datafield></record>